<?xml version="1.0" encoding="UTF-8"?><collection xmlns="http://www.loc.gov/MARC21/slim"><record><leader>00549nam--2200181-i-4500</leader><controlfield tag="001">000028002</controlfield><controlfield tag="002">20161230</controlfield><controlfield tag="005">20161230201037</controlfield><controlfield tag="008">060222s1000------------r-----000-0-eng-d</controlfield><datafield ind1=" " ind2=" " tag="040"><subfield code="a">IFIN-HH</subfield></datafield><datafield ind1=" " ind2=" " tag="080"><subfield code="a">517</subfield></datafield><datafield ind1="1" ind2=" " tag="100"><subfield code="a">Lavrentiev, M.M</subfield></datafield><datafield ind1="1" ind2="0" tag="245"><subfield code="a">Some improperly posed problems of mathematical physics. translation revised by robert j. sacker</subfield><subfield code="c">M.m. lavrentiev</subfield></datafield><datafield ind1=" " ind2=" " tag="260"><subfield code="a">Berlin</subfield><subfield code="b">Springer-verlag</subfield><subfield code="c">1967</subfield></datafield><datafield ind1=" " ind2=" " tag="300"><subfield code="a">72P</subfield></datafield><datafield ind1=" " ind2=" " tag="490"><subfield code="a">Springer Tracts In Natural Phiosophy. Vol. 11</subfield></datafield><datafield ind1=" " ind2=" " tag="852"><subfield code="a">22065</subfield><subfield code="c">53.01</subfield></datafield><datafield ind1=" " ind2=" " tag="CAT"><subfield code="a">Sys</subfield><subfield code="c">20151013</subfield><subfield code="h">120137</subfield></datafield></record></collection>